@article{Rein1993,
author = {Rein, Martin},
doi = {10.1016/0169-5983(93)90106-K},
file = {:home/palas/Documents/Papers\_review/papers drop impact/Rein - 1993 - Phenomena of liquid drop impact on solid and liquid surfaces.pdf:pdf},
issn = {0169-5983},
journal = {Fluid Dynamics Research},
month = aug,
number = {2},
pages = {61--93},
title = {{Phenomena of liquid drop impact on solid and liquid surfaces}},
url = {http://stacks.iop.org/1873-7005/12/i=2/a=A01?key=crossref.59fd1116f4dd1849f353b06468e4e508},
volume = {12},
year = {1993}
}
